@inproceedings{nath2007flashdb,
  title={FlashDB: dynamic self-tuning database for NAND flash},
  author={Nath, Suman and Kansal, Aman},
  booktitle={Proceedings of the 6th international conference on Information processing in sensor networks},
  pages={410--419},
  year={2007},
  organization={ACM}
}
@inproceedings{xu2010update,
  title={Update migration: An efficient B+ tree for flash storage},
  author={Xu, Chang and Shou, Lidan and Chen, Gang and Yan, Cheng and Hu, Tianlei},
  booktitle={International Conference on Database Systems for Advanced Applications},
  pages={276--290},
  year={2010},
  organization={Springer}
}
@article{li2010tree,
  title={Tree indexing on solid state drives},
  author={Li, Yinan and He, Bingsheng and Yang, Robin Jun and Luo, Qiong and Yi, Ke},
  journal={Proceedings of the VLDB Endowment},
  volume={3},
  number={1-2},
  pages={1195--1206},
  year={2010},
  publisher={VLDB Endowment}
}
@inproceedings{jiang2014ab,
  title={AB-Tree: A Write-Optimized Adaptive Index Structure on Solid State Disk},
  author={Jiang, Zhiwen and Wu, Yongji and Zhang, Yong and Li, Chao and Xing, Chunxiao},
  booktitle={Web Information System and Application Conference (WISA), 2014 11th},
  pages={188--193},
  year={2014},
  organization={IEEE}
}
@inproceedings{jorgensen2011fb,
  title={Fb-tree: a B+-tree for flash-based SSDs},
  author={J{\o}rgensen, Martin V and Rasmussen, Ren{\'e} B and {\v{S}}altenis, Simonas and Schj{\o}nning, Carsten},
  booktitle={Proceedings of the 15th Symposium on International Database Engineering \& Applications},
  pages={34--42},
  year={2011},
  organization={ACM}
}
@inproceedings{levandoski2013bw,
  title={The Bw-Tree: A B-tree for new hardware platforms},
  author={Levandoski, Justin J and Lomet, David B and Sengupta, Sudipta},
  booktitle={Data Engineering (ICDE), 2013 IEEE 29th International Conference on},
  pages={302--313},
  year={2013},
  organization={IEEE}
}
@article{agrawal2009lazy,
  title={Lazy-adaptive tree: An optimized index structure for flash devices},
  author={Agrawal, Devesh and Ganesan, Deepak and Sitaraman, Ramesh and Diao, Yanlei and Singh, Shashi},
  journal={Proceedings of the VLDB Endowment},
  volume={2},
  number={1},
  pages={361--372},
  year={2009},
  publisher={VLDB Endowment}
}
@article{roh2011b+,
  title={B+-tree index optimization by exploiting internal parallelism of flash-based solid state drives},
  author={Roh, Hongchan and Park, Sanghyun and Kim, Sungho and Shin, Mincheol and Lee, Sang-Won},
  journal={Proceedings of the VLDB Endowment},
  volume={5},
  number={4},
  pages={286--297},
  year={2011},
  publisher={VLDB Endowment}
}
@article{on2010flash,
  title={Flash-optimized B+-tree},
  author={On, Sai Tung and Hu, Haibo and Li, Yu and Xu, Jianliang},
  journal={Journal of Computer Science and Technology},
  volume={25},
  number={3},
  pages={509--522},
  year={2010},
  publisher={Springer}
}
@inproceedings{na2009page,
  title={In-page logging b-tree for flash memory},
  author={Na, Gap-Joo and Moon, Bongki and Lee, Sang-Won},
  booktitle={International Conference on Database Systems for Advanced Applications},
  pages={755--758},
  year={2009},
  organization={Springer}
}
@inproceedings{agrawal2008design,
  title={Design tradeoffs for SSD performance.},
  author={Agrawal, Nitin and Prabhakaran, Vijayan and Wobber, Ted and Davis, John D and Manasse, Mark S and Panigrahy, Rina},
  booktitle={USENIX Annual Technical Conference},
  volume={57},
  year={2008}
}
@article{wu2007efficient,
  title={An efficient B-tree layer implementation for flash-memory storage systems},
  author={Wu, Chin-Hsien and Kuo, Tei-Wei and Chang, Li Ping},
  journal={ACM Transactions on Embedded Computing Systems (TECS)},
  volume={6},
  number={3},
  pages={19},
  year={2007},
  publisher={ACM}
}
@inproceedings{li2018case,
  title={The case of FEMU: cheap, accurate, scalable and extensible flash emulator},
  author={Li, Huaicheng and Hao, Mingzhe and Tong, Michael Hao and Sundararaman, Swaminatahan and Bj{\o}rling, Matias and Gunawi, Haryadi S},
  booktitle={Proceedings of the 16th USENIX Conference on File and Storage Technologies},
  pages={83--90},
  year={2018},
  organization={USENIX Association}
}
@inproceedings{xiang2008reliable,
  title={A reliable B-tree implementation over flash memory},
  author={Xiang, Xiaoyan and Yue, Lihua and Liu, Zhanzhan and Wei, Peng},
  booktitle={Proceedings of the 2008 ACM symposium on Applied computing},
  pages={1487--1491},
  year={2008},
  organization={ACM}
}
@inproceedings{kang2007mu,
  title={$\mu$-tree: an ordered index structure for NAND flash memory},
  author={Kang, Dongwon and Jung, Dawoon and Kang, Jeong-Uk and Kim, Jin-Soo},
  booktitle={Proceedings of the 7th ACM \& IEEE international conference on Embedded software},
  pages={144--153},
  year={2007},
  organization={ACM}
}
@inproceedings{hwang2018endurable,
  title={Endurable transient inconsistency in byte-addressable persistent B+-tree},
  author={Hwang, Deukyeon and Kim, Wook-Hee and Won, Youjip and Nam, Beomseok},
  booktitle={16th USENIX Conference on File and Storage Technologies},
  pages={187},
  year={2018}
}
@article{driscoll1989making,
  title={Making data structures persistent},
  author={Driscoll, James R and Sarnak, Neil and Sleator, Daniel D and Tarjan, Robert E},
  journal={Journal of computer and system sciences},
  volume={38},
  number={1},
  pages={86--124},
  year={1989},
  publisher={Elsevier}
}
@misc{coding-for-ssds,
  title = {Coding for SSDs},
  howpublished = {\url{http://codecapsule.com/2014/02/12/coding-for-ssds-part-1-introduction-and-table-of-contents/}},
  note = {Accessed: 2018-04-01}
}
@article{kim2015lsb,
  title={LSB-Tree: a log-structured B-Tree index structure for NAND flash SSDs},
  author={Kim, Bo-kyeong and Lee, Dong-Ho},
  journal={Design Automation for Embedded Systems},
  volume={19},
  number={1-2},
  pages={77--100},
  year={2015},
  publisher={Springer}
}
@inproceedings{chen2002fractal,
  title={Fractal prefetching B+-trees: Optimizing both cache and disk performance},
  author={Chen, Shimin and Gibbons, Phillip B and Mowry, Todd C and Valentin, Gary},
  booktitle={Proceedings of the 2002 ACM SIGMOD international conference on Management of data},
  pages={157--168},
  year={2002},
  organization={ACM}
}
@article{lehman1981efficient,
  title={Efficient locking for concurrent operations on B-trees},
  author={Lehman, Philip L and others},
  journal={ACM Transactions on Database Systems (TODS)},
  volume={6},
  number={4},
  pages={650--670},
  year={1981},
  publisher={ACM}
}
@inproceedings{hankins2003effect,
  title={Effect of node size on the performance of cache-conscious B+-trees},
  author={Hankins, Richard A and Patel, Jignesh M},
  booktitle={ACM SIGMETRICS Performance Evaluation Review},
  volume={31},
  number={1},
  pages={283--294},
  year={2003},
  organization={ACM}
}
@inproceedings{he2017unwritten,
  title={The Unwritten Contract of Solid State Drives},
  author={He, Jun and Kannan, Sudarsun and Arpaci-Dusseau, Andrea C and Arpaci-Dusseau, Remzi H},
  booktitle={Proceedings of the Twelfth European Conference on Computer Systems},
  pages={127--144},
  year={2017},
  organization={ACM}
}